@misc{robison:2012,
  title = {{Parallel Programming with Cilk Plus}},
  author = {Arch D. Robison},
  note = {Slide Presentation on International Supercomputing Conference 2012 (ISC 2012)}
}

@misc{simd:2014,
  title = {{SIMD-Enabled Functions}},
  howpublished = {\url{https://software.intel.com/en-us/node/522650}},
  note = {Accessed: 2014-10-30}
}
@misc{simd:2013,
  title = {{Intel C++ Compiler XE 13.1 User and Reference Guides}},
  howpublished = {\url{https://software.intel.com/sites/products/documentation/doclib/iss/2013/compiler/cpp-lin/}},
  note = {Accessed: 2014-10-29}
}

@misc{leiserson:2010,
  title = {{Parallel Programming with Intel\textregistered{} Cilk Plus\texttrademark{} with Autotuning}},
  author = {William Leiserson and Chi-Keung Luk and Peng Tu},
  note = {Slide Presentation from Software \& Services Group, Developer Products Division, 2010}
}

@misc{cilkplusorg:2014,
  author={Intel Corporation},
  title={Introducing Intel\textregistered{} Cilk\texttrademark{} Plus: Extensions to simplify task and data parallelism},
  howpublished = {\url{http://www.cilkplus.org}},
  note = {Accessed: 2014-10-08}
}

@misc{cilkplusspecification:2014,
  author={Intel Corporation},
  title={Intel\textregistered{} Cilk\texttrademark{} Plus Language Extension Specification Version 1.1},
  howpublished = {\url{https://software.intel.com/sites/default/files/m/6/a/3/0/7/37679-Intel_Cilk_plus_lang_spec_2.htm}},
  note = {Accessed: 2014-10-10}
}
